% Beispiel f端r Zeitschriftenartikel
@article{palm2004color,
  title={Color texture classification by integrative co-occurrence matrices},
  author={Palm, Christoph},
  journaltitle={Pattern Recognition},
  volume={37},
  number={5},
  pages={965--976},
  year={2004},
}
% Beispiel f端r Konferenz-Proceedingsband
@inproceedings{szalo2015graphmic,
  title={GraphMIC - Medizinische Bildverarbeitung in der Lehre},
  author={Szalo, Alexander Eduard and Zehner, Alexander and Palm, Christoph},
  booktitle={Bildverarbeitung f{\"u}r die Medizin 2015},
  editor = {Handels, Heinz and Deserno, Thomas and Meinzer, Hans-Peter and Tolxdorff, Thomas},
  pages={395--400},
  year={2015},
  publisher={Springer}
}
% Beispiel f端r ein Buch
@book{handels2000medizinische,
  title={Medizinische Bildverarbeitung},
  author={Handels, Heinz},
  year={2000},
  publisher={Springer}
}
% Beispiel f端r eine URL
@online{zitieren13,
  author = {},
  title = {Zitieren von Internetquellen},
  url = {http://de.wikipedia.org/wiki/Zitieren_von_Internetquellen},
  year = {2013},
  urldate = {2013-09-11}
}
@online{zitieren13a,
  author = {},
  title = {Zitierregel f"ur Internetseiten},
  url = {http://www.wissenschaftliches-arbeiten.org/zitierregeln/internet-seiten.html},
  year = {2013},
  urldate = {2014-08-01}
}
